@incollection {scanlon,
    AUTHOR = {Scanlon, Thomas},
     TITLE = {O-minimality as an approach to the {A}ndr\'{e}-{O}ort conjecture},
 BOOKTITLE = {Around the {Z}ilber-{P}ink conjecture/{A}utour de la
              conjecture de {Z}ilber-{P}ink},
    SERIES = {Panor. Synth\`eses},
    VOLUME = {52},
     PAGES = {111--165},
 PUBLISHER = {Soc. Math. France, Paris},
      YEAR = {2017},
   MRCLASS = {03C64 (14G35 14K15)},
  MRNUMBER = {3728313},
MRREVIEWER = {Alexandra Shlapentokh},
}

@article {csp,
    AUTHOR = {Scanlon, Thomas},
     TITLE = {Counting special points: logic, {D}iophantine geometry, and
              transcendence theory},
   JOURNAL = {Bull. Amer. Math. Soc. (N.S.)},
  FJOURNAL = {American Mathematical Society. Bulletin. New Series},
    VOLUME = {49},
      YEAR = {2012},
    NUMBER = {1},
     PAGES = {51--71},
      ISSN = {0273-0979},
   MRCLASS = {11U09 (03C64 11G99)},
  MRNUMBER = {2869007},
MRREVIEWER = {Alexandra Shlapentokh},
       DOI = {10.1090/S0273-0979-2011-01354-4},
       URL = {https://doi.org/10.1090/S0273-0979-2011-01354-4},
}
